%YAML 1.1
%TAG !u! tag:unity3d.com,2011:
--- !u!29 &1
SceneSettings:
  m_ObjectHideFlags: 0
  m_PVSData: 
  m_PVSObjectsArray: []
  m_PVSPortalsArray: []
  m_OcclusionBakeSettings:
    smallestOccluder: 5
    smallestHole: 0.25
    backfaceThreshold: 100
--- !u!104 &2
RenderSettings:
  m_ObjectHideFlags: 0
  serializedVersion: 6
  m_Fog: 0
  m_FogColor: {r: 0.5, g: 0.5, b: 0.5, a: 1}
  m_FogMode: 3
  m_FogDensity: 0.01
  m_LinearFogStart: 0
  m_LinearFogEnd: 300
  m_AmbientSkyColor: {r: 0.212, g: 0.227, b: 0.259, a: 1}
  m_AmbientEquatorColor: {r: 0.114, g: 0.125, b: 0.133, a: 1}
  m_AmbientGroundColor: {r: 0.047, g: 0.043, b: 0.035, a: 1}
  m_AmbientIntensity: 1
  m_AmbientMode: 3
  m_SkyboxMaterial: {fileID: 0}
  m_HaloStrength: 0.5
  m_FlareStrength: 1
  m_FlareFadeSpeed: 3
  m_HaloTexture: {fileID: 0}
  m_SpotCookie: {fileID: 10001, guid: 0000000000000000e000000000000000, type: 0}
  m_DefaultReflectionMode: 0
  m_DefaultReflectionResolution: 128
  m_ReflectionBounces: 1
  m_ReflectionIntensity: 1
  m_CustomReflection: {fileID: 0}
  m_Sun: {fileID: 0}
--- !u!157 &3
LightmapSettings:
  m_ObjectHideFlags: 0
  serializedVersion: 6
  m_GIWorkflowMode: 1
  m_LightmapsMode: 1
  m_GISettings:
    serializedVersion: 2
    m_BounceScale: 1
    m_IndirectOutputScale: 1
    m_AlbedoBoost: 1
    m_TemporalCoherenceThreshold: 1
    m_EnvironmentLightingMode: 0
    m_EnableBakedLightmaps: 0
    m_EnableRealtimeLightmaps: 0
  m_LightmapEditorSettings:
    serializedVersion: 3
    m_Resolution: 2
    m_BakeResolution: 40
    m_TextureWidth: 1024
    m_TextureHeight: 1024
    m_AOMaxDistance: 1
    m_Padding: 2
    m_CompAOExponent: 0
    m_LightmapParameters: {fileID: 0}
    m_TextureCompression: 1
    m_FinalGather: 0
    m_FinalGatherRayCount: 1024
    m_ReflectionCompression: 2
  m_LightingDataAsset: {fileID: 0}
  m_RuntimeCPUUsage: 25
--- !u!196 &4
NavMeshSettings:
  serializedVersion: 2
  m_ObjectHideFlags: 0
  m_BuildSettings:
    serializedVersion: 2
    agentRadius: 0.5
    agentHeight: 2
    agentSlope: 45
    agentClimb: 0.4
    ledgeDropHeight: 0
    maxJumpAcrossDistance: 0
    accuratePlacement: 0
    minRegionArea: 2
    cellSize: 0.16666667
    manualCellSize: 0
  m_NavMeshData: {fileID: 0}
--- !u!1 &315453461
GameObject:
  m_ObjectHideFlags: 0
  m_PrefabParentObject: {fileID: 184866, guid: cc8be7bca2423234092f646d5901e418, type: 2}
  m_PrefabInternal: {fileID: 0}
  serializedVersion: 4
  m_Component:
  - 4: {fileID: 315453462}
  - 114: {fileID: 315453463}
  m_Layer: 0
  m_Name: Parralax7
  m_TagString: Untagged
  m_Icon: {fileID: 0}
  m_NavMeshLayer: 0
  m_StaticEditorFlags: 0
  m_IsActive: 1
--- !u!4 &315453462
Transform:
  m_ObjectHideFlags: 0
  m_PrefabParentObject: {fileID: 415494, guid: cc8be7bca2423234092f646d5901e418, type: 2}
  m_PrefabInternal: {fileID: 0}
  m_GameObject: {fileID: 315453461}
  m_LocalRotation: {x: 0, y: 0, z: 0, w: 1}
  m_LocalPosition: {x: 0, y: 0, z: 5.49}
  m_LocalScale: {x: 1, y: 1, z: 1}
  m_Children: []
  m_Father: {fileID: 581617332}
  m_RootOrder: 6
--- !u!114 &315453463
MonoBehaviour:
  m_ObjectHideFlags: 0
  m_PrefabParentObject: {fileID: 11430584, guid: cc8be7bca2423234092f646d5901e418,
    type: 2}
  m_PrefabInternal: {fileID: 0}
  m_GameObject: {fileID: 315453461}
  m_Enabled: 1
  m_EditorHideFlags: 0
  m_Script: {fileID: 11500000, guid: 6d94e3501729f7f42b435b6f476f4928, type: 3}
  m_Name: 
  m_EditorClassIdentifier: 
  myTransform: {fileID: 0}
--- !u!1001 &581617330
Prefab:
  m_ObjectHideFlags: 0
  serializedVersion: 2
  m_Modification:
    m_TransformParent: {fileID: 1422295888}
    m_Modifications:
    - target: {fileID: 485788, guid: cc8be7bca2423234092f646d5901e418, type: 2}
      propertyPath: m_LocalPosition.x
      value: -0.49851835
      objectReference: {fileID: 0}
    - target: {fileID: 485788, guid: cc8be7bca2423234092f646d5901e418, type: 2}
      propertyPath: m_LocalPosition.y
      value: 3.5848107
      objectReference: {fileID: 0}
    - target: {fileID: 485788, guid: cc8be7bca2423234092f646d5901e418, type: 2}
      propertyPath: m_LocalPosition.z
      value: 9.3828125
      objectReference: {fileID: 0}
    - target: {fileID: 485788, guid: cc8be7bca2423234092f646d5901e418, type: 2}
      propertyPath: m_LocalRotation.x
      value: 0
      objectReference: {fileID: 0}
    - target: {fileID: 485788, guid: cc8be7bca2423234092f646d5901e418, type: 2}
      propertyPath: m_LocalRotation.y
      value: 0
      objectReference: {fileID: 0}
    - target: {fileID: 485788, guid: cc8be7bca2423234092f646d5901e418, type: 2}
      propertyPath: m_LocalRotation.z
      value: 0
      objectReference: {fileID: 0}
    - target: {fileID: 485788, guid: cc8be7bca2423234092f646d5901e418, type: 2}
      propertyPath: m_LocalRotation.w
      value: 1
      objectReference: {fileID: 0}
    - target: {fileID: 485788, guid: cc8be7bca2423234092f646d5901e418, type: 2}
      propertyPath: m_RootOrder
      value: 2
      objectReference: {fileID: 0}
    - target: {fileID: 168986, guid: cc8be7bca2423234092f646d5901e418, type: 2}
      propertyPath: m_IsActive
      value: 0
      objectReference: {fileID: 0}
    - target: {fileID: 428174, guid: cc8be7bca2423234092f646d5901e418, type: 2}
      propertyPath: m_LocalRotation.x
      value: -0.1323041
      objectReference: {fileID: 0}
    - target: {fileID: 428174, guid: cc8be7bca2423234092f646d5901e418, type: 2}
      propertyPath: m_LocalRotation.y
      value: -0.6946191
      objectReference: {fileID: 0}
    - target: {fileID: 428174, guid: cc8be7bca2423234092f646d5901e418, type: 2}
      propertyPath: m_LocalRotation.z
      value: 0.69461906
      objectReference: {fileID: 0}
    - target: {fileID: 428174, guid: cc8be7bca2423234092f646d5901e418, type: 2}
      propertyPath: m_LocalRotation.w
      value: 0.13230422
      objectReference: {fileID: 0}
    m_RemovedComponents: []
  m_ParentPrefab: {fileID: 100100000, guid: cc8be7bca2423234092f646d5901e418, type: 2}
  m_IsPrefabParent: 0
--- !u!4 &581617331 stripped
Transform:
  m_PrefabParentObject: {fileID: 485788, guid: cc8be7bca2423234092f646d5901e418, type: 2}
  m_PrefabInternal: {fileID: 581617330}
--- !u!4 &581617332 stripped
Transform:
  m_PrefabParentObject: {fileID: 418166, guid: cc8be7bca2423234092f646d5901e418, type: 2}
  m_PrefabInternal: {fileID: 581617330}
--- !u!1001 &595013251
Prefab:
  m_ObjectHideFlags: 0
  serializedVersion: 2
  m_Modification:
    m_TransformParent: {fileID: 0}
    m_Modifications:
    - target: {fileID: 11402420, guid: 5d390a8a59d702c4da8cc719554c2d1e, type: 2}
      propertyPath: miniScenes.Array.size
      value: 2
      objectReference: {fileID: 0}
    - target: {fileID: 484994, guid: 5d390a8a59d702c4da8cc719554c2d1e, type: 2}
      propertyPath: m_LocalPosition.x
      value: 0
      objectReference: {fileID: 0}
    - target: {fileID: 484994, guid: 5d390a8a59d702c4da8cc719554c2d1e, type: 2}
      propertyPath: m_LocalPosition.y
      value: 0
      objectReference: {fileID: 0}
    - target: {fileID: 484994, guid: 5d390a8a59d702c4da8cc719554c2d1e, type: 2}
      propertyPath: m_LocalPosition.z
      value: 0
      objectReference: {fileID: 0}
    - target: {fileID: 484994, guid: 5d390a8a59d702c4da8cc719554c2d1e, type: 2}
      propertyPath: m_LocalRotation.x
      value: 0
      objectReference: {fileID: 0}
    - target: {fileID: 484994, guid: 5d390a8a59d702c4da8cc719554c2d1e, type: 2}
      propertyPath: m_LocalRotation.y
      value: 0
      objectReference: {fileID: 0}
    - target: {fileID: 484994, guid: 5d390a8a59d702c4da8cc719554c2d1e, type: 2}
      propertyPath: m_LocalRotation.z
      value: 0
      objectReference: {fileID: 0}
    - target: {fileID: 484994, guid: 5d390a8a59d702c4da8cc719554c2d1e, type: 2}
      propertyPath: m_LocalRotation.w
      value: 1
      objectReference: {fileID: 0}
    - target: {fileID: 484994, guid: 5d390a8a59d702c4da8cc719554c2d1e, type: 2}
      propertyPath: m_RootOrder
      value: 2
      objectReference: {fileID: 0}
    - target: {fileID: 11491926, guid: 5d390a8a59d702c4da8cc719554c2d1e, type: 2}
      propertyPath: m_RaycastTarget
      value: 0
      objectReference: {fileID: 0}
    - target: {fileID: 11494984, guid: 5d390a8a59d702c4da8cc719554c2d1e, type: 2}
      propertyPath: m_RaycastTarget
      value: 0
      objectReference: {fileID: 0}
    - target: {fileID: 11494984, guid: 5d390a8a59d702c4da8cc719554c2d1e, type: 2}
      propertyPath: m_Type
      value: 0
      objectReference: {fileID: 0}
    - target: {fileID: 11491926, guid: 5d390a8a59d702c4da8cc719554c2d1e, type: 2}
      propertyPath: m_Type
      value: 0
      objectReference: {fileID: 0}
    - target: {fileID: 11491926, guid: 5d390a8a59d702c4da8cc719554c2d1e, type: 2}
      propertyPath: m_Material
      value: 
      objectReference: {fileID: 10754, guid: 0000000000000000e000000000000000, type: 0}
    - target: {fileID: 11494984, guid: 5d390a8a59d702c4da8cc719554c2d1e, type: 2}
      propertyPath: m_Material
      value: 
      objectReference: {fileID: 10754, guid: 0000000000000000e000000000000000, type: 0}
    - target: {fileID: 11416252, guid: 5d390a8a59d702c4da8cc719554c2d1e, type: 2}
      propertyPath: m_UiScaleMode
      value: 1
      objectReference: {fileID: 0}
    - target: {fileID: 11434010, guid: 5d390a8a59d702c4da8cc719554c2d1e, type: 2}
      propertyPath: m_IgnoreReversedGraphics
      value: 1
      objectReference: {fileID: 0}
    - target: {fileID: 11402420, guid: 5d390a8a59d702c4da8cc719554c2d1e, type: 2}
      propertyPath: miniScenes.Array.data[0]
      value: 
      objectReference: {fileID: 1608435464}
    - target: {fileID: 22328248, guid: 5d390a8a59d702c4da8cc719554c2d1e, type: 2}
      propertyPath: m_RenderMode
      value: 0
      objectReference: {fileID: 0}
    - target: {fileID: 22328248, guid: 5d390a8a59d702c4da8cc719554c2d1e, type: 2}
      propertyPath: m_Camera
      value: 
      objectReference: {fileID: 816539860}
    - target: {fileID: 22460086, guid: 5d390a8a59d702c4da8cc719554c2d1e, type: 2}
      propertyPath: m_LocalScale.x
      value: 25.219543
      objectReference: {fileID: 0}
    - target: {fileID: 22460086, guid: 5d390a8a59d702c4da8cc719554c2d1e, type: 2}
      propertyPath: m_LocalScale.y
      value: 25.219543
      objectReference: {fileID: 0}
    - target: {fileID: 22460086, guid: 5d390a8a59d702c4da8cc719554c2d1e, type: 2}
      propertyPath: m_LocalScale.z
      value: 25.219543
      objectReference: {fileID: 0}
    - target: {fileID: 132162, guid: 5d390a8a59d702c4da8cc719554c2d1e, type: 2}
      propertyPath: m_IsActive
      value: 0
      objectReference: {fileID: 0}
    - target: {fileID: 176574, guid: 5d390a8a59d702c4da8cc719554c2d1e, type: 2}
      propertyPath: m_IsActive
      value: 0
      objectReference: {fileID: 0}
    - target: {fileID: 22419516, guid: 5d390a8a59d702c4da8cc719554c2d1e, type: 2}
      propertyPath: m_LocalScale.x
      value: 25.219543
      objectReference: {fileID: 0}
    - target: {fileID: 22419516, guid: 5d390a8a59d702c4da8cc719554c2d1e, type: 2}
      propertyPath: m_LocalScale.y
      value: 25.219543
      objectReference: {fileID: 0}
    - target: {fileID: 22419516, guid: 5d390a8a59d702c4da8cc719554c2d1e, type: 2}
      propertyPath: m_LocalScale.z
      value: 25.219543
      objectReference: {fileID: 0}
    - target: {fileID: 11402420, guid: 5d390a8a59d702c4da8cc719554c2d1e, type: 2}
      propertyPath: miniScenes.Array.data[1]
      value: 
      objectReference: {fileID: 945692438}
    - target: {fileID: 11402420, guid: 5d390a8a59d702c4da8cc719554c2d1e, type: 2}
      propertyPath: miniScenes.Array.data[2]
      value: 
      objectReference: {fileID: 945692438}
    - target: {fileID: 11402420, guid: 5d390a8a59d702c4da8cc719554c2d1e, type: 2}
      propertyPath: miniScenes.Array.data[3]
      value: 
      objectReference: {fileID: 945692438}
    - target: {fileID: 138990, guid: 5d390a8a59d702c4da8cc719554c2d1e, type: 2}
      propertyPath: m_IsActive
      value: 1
      objectReference: {fileID: 0}
    - target: {fileID: 22419516, guid: 5d390a8a59d702c4da8cc719554c2d1e, type: 2}
      propertyPath: m_AnchoredPosition.x
      value: -0.000016212463
      objectReference: {fileID: 0}
    - target: {fileID: 22419516, guid: 5d390a8a59d702c4da8cc719554c2d1e, type: 2}
      propertyPath: m_AnchoredPosition.y
      value: -12.999992
      objectReference: {fileID: 0}
    - target: {fileID: 22419516, guid: 5d390a8a59d702c4da8cc719554c2d1e, type: 2}
      propertyPath: m_SizeDelta.y
      value: 26
      objectReference: {fileID: 0}
    - target: {fileID: 22419516, guid: 5d390a8a59d702c4da8cc719554c2d1e, type: 2}
      propertyPath: m_SizeDelta.x
      value: 44
      objectReference: {fileID: 0}
    - target: {fileID: 22460086, guid: 5d390a8a59d702c4da8cc719554c2d1e, type: 2}
      propertyPath: m_AnchoredPosition.x
      value: -0.000016212463
      objectReference: {fileID: 0}
    - target: {fileID: 22460086, guid: 5d390a8a59d702c4da8cc719554c2d1e, type: 2}
      propertyPath: m_AnchoredPosition.y
      value: -12.999992
      objectReference: {fileID: 0}
    - target: {fileID: 22460086, guid: 5d390a8a59d702c4da8cc719554c2d1e, type: 2}
      propertyPath: m_SizeDelta.x
      value: 44
      objectReference: {fileID: 0}
    - target: {fileID: 22460086, guid: 5d390a8a59d702c4da8cc719554c2d1e, type: 2}
      propertyPath: m_SizeDelta.y
      value: 26
      objectReference: {fileID: 0}
    m_RemovedComponents: []
  m_ParentPrefab: {fileID: 100100000, guid: 5d390a8a59d702c4da8cc719554c2d1e, type: 2}
  m_IsPrefabParent: 0
--- !u!4 &710357825 stripped
Transform:
  m_PrefabParentObject: {fileID: 491462, guid: 27b4ffd8aa37c65458abf75d6eaaa10b, type: 2}
  m_PrefabInternal: {fileID: 1319850364}
--- !u!1 &723570246
GameObject:
  m_ObjectHideFlags: 0
  m_PrefabParentObject: {fileID: 141132, guid: 27b4ffd8aa37c65458abf75d6eaaa10b, type: 2}
  m_PrefabInternal: {fileID: 0}
  serializedVersion: 4
  m_Component:
  - 4: {fileID: 723570247}
  - 114: {fileID: 723570248}
  m_Layer: 0
  m_Name: Parralax8
  m_TagString: Untagged
  m_Icon: {fileID: 0}
  m_NavMeshLayer: 0
  m_StaticEditorFlags: 0
  m_IsActive: 1
--- !u!4 &723570247
Transform:
  m_ObjectHideFlags: 0
  m_PrefabParentObject: {fileID: 498018, guid: 27b4ffd8aa37c65458abf75d6eaaa10b, type: 2}
  m_PrefabInternal: {fileID: 0}
  m_GameObject: {fileID: 723570246}
  m_LocalRotation: {x: 0, y: 0, z: 0, w: 1}
  m_LocalPosition: {x: 0, y: 0, z: 5.49}
  m_LocalScale: {x: 1, y: 1, z: 1}
  m_Children: []
  m_Father: {fileID: 710357825}
  m_RootOrder: 7
--- !u!114 &723570248
MonoBehaviour:
  m_ObjectHideFlags: 0
  m_PrefabParentObject: {fileID: 11408678, guid: 27b4ffd8aa37c65458abf75d6eaaa10b,
    type: 2}
  m_PrefabInternal: {fileID: 0}
  m_GameObject: {fileID: 723570246}
  m_Enabled: 1
  m_EditorHideFlags: 0
  m_Script: {fileID: 11500000, guid: 6d94e3501729f7f42b435b6f476f4928, type: 3}
  m_Name: 
  m_EditorClassIdentifier: 
  myTransform: {fileID: 0}
--- !u!1 &816539856
GameObject:
  m_ObjectHideFlags: 0
  m_PrefabParentObject: {fileID: 0}
  m_PrefabInternal: {fileID: 0}
  serializedVersion: 4
  m_Component:
  - 4: {fileID: 816539861}
  - 20: {fileID: 816539860}
  - 124: {fileID: 816539859}
  - 92: {fileID: 816539858}
  - 81: {fileID: 816539857}
  - 114: {fileID: 816539862}
  m_Layer: 0
  m_Name: Camera
  m_TagString: Untagged
  m_Icon: {fileID: 0}
  m_NavMeshLayer: 0
  m_StaticEditorFlags: 0
  m_IsActive: 1
--- !u!81 &816539857
AudioListener:
  m_ObjectHideFlags: 0
  m_PrefabParentObject: {fileID: 0}
  m_PrefabInternal: {fileID: 0}
  m_GameObject: {fileID: 816539856}
  m_Enabled: 1
--- !u!92 &816539858
Behaviour:
  m_ObjectHideFlags: 0
  m_PrefabParentObject: {fileID: 0}
  m_PrefabInternal: {fileID: 0}
  m_GameObject: {fileID: 816539856}
  m_Enabled: 1
--- !u!124 &816539859
Behaviour:
  m_ObjectHideFlags: 0
  m_PrefabParentObject: {fileID: 0}
  m_PrefabInternal: {fileID: 0}
  m_GameObject: {fileID: 816539856}
  m_Enabled: 1
--- !u!20 &816539860
Camera:
  m_ObjectHideFlags: 0
  m_PrefabParentObject: {fileID: 0}
  m_PrefabInternal: {fileID: 0}
  m_GameObject: {fileID: 816539856}
  m_Enabled: 1
  serializedVersion: 2
  m_ClearFlags: 1
  m_BackGroundColor: {r: 0.588776, g: 0.8303269, b: 0.8897059, a: 0.019607844}
  m_NormalizedViewPortRect:
    serializedVersion: 2
    x: 0
    y: 0
    width: 1
    height: 1
  near clip plane: 0.3
  far clip plane: 1000
  field of view: 60
  orthographic: 1
  orthographic size: 5
  m_Depth: 0
  m_CullingMask:
    serializedVersion: 2
    m_Bits: 4294967295
  m_RenderingPath: -1
  m_TargetTexture: {fileID: 0}
  m_TargetDisplay: 0
  m_TargetEye: 3
  m_HDR: 0
  m_OcclusionCulling: 1
  m_StereoConvergence: 10
  m_StereoSeparation: 0.022
  m_StereoMirrorMode: 0
--- !u!4 &816539861
Transform:
  m_ObjectHideFlags: 0
  m_PrefabParentObject: {fileID: 0}
  m_PrefabInternal: {fileID: 0}
  m_GameObject: {fileID: 816539856}
  m_LocalRotation: {x: 0, y: 0, z: 0, w: 1}
  m_LocalPosition: {x: -12.2, y: 0.9, z: -94.3}
  m_LocalScale: {x: 1, y: 1, z: 1}
  m_Children: []
  m_Father: {fileID: 0}
  m_RootOrder: 0
--- !u!114 &816539862
MonoBehaviour:
  m_ObjectHideFlags: 0
  m_PrefabParentObject: {fileID: 0}
  m_PrefabInternal: {fileID: 0}
  m_GameObject: {fileID: 816539856}
  m_Enabled: 1
  m_EditorHideFlags: 0
  m_Script: {fileID: 11500000, guid: fc310c0284058a347a155e4ca49cd12f, type: 3}
  m_Name: 
  m_EditorClassIdentifier: 
  follow: {fileID: 2007111162}
  deltaY: 3.5
--- !u!1 &923478705
GameObject:
  m_ObjectHideFlags: 0
  m_PrefabParentObject: {fileID: 184866, guid: cc8be7bca2423234092f646d5901e418, type: 2}
  m_PrefabInternal: {fileID: 0}
  serializedVersion: 4
  m_Component:
  - 4: {fileID: 923478706}
  - 114: {fileID: 923478707}
  m_Layer: 0
  m_Name: Parralax6
  m_TagString: Untagged
  m_Icon: {fileID: 0}
  m_NavMeshLayer: 0
  m_StaticEditorFlags: 0
  m_IsActive: 1
--- !u!4 &923478706
Transform:
  m_ObjectHideFlags: 0
  m_PrefabParentObject: {fileID: 415494, guid: cc8be7bca2423234092f646d5901e418, type: 2}
  m_PrefabInternal: {fileID: 0}
  m_GameObject: {fileID: 923478705}
  m_LocalRotation: {x: 0, y: 0, z: 0, w: 1}
  m_LocalPosition: {x: 0, y: 0, z: 5.49}
  m_LocalScale: {x: 1, y: 1, z: 1}
  m_Children: []
  m_Father: {fileID: 581617332}
  m_RootOrder: 5
--- !u!114 &923478707
MonoBehaviour:
  m_ObjectHideFlags: 0
  m_PrefabParentObject: {fileID: 11430584, guid: cc8be7bca2423234092f646d5901e418,
    type: 2}
  m_PrefabInternal: {fileID: 0}
  m_GameObject: {fileID: 923478705}
  m_Enabled: 1
  m_EditorHideFlags: 0
  m_Script: {fileID: 11500000, guid: 6d94e3501729f7f42b435b6f476f4928, type: 3}
  m_Name: 
  m_EditorClassIdentifier: 
  myTransform: {fileID: 0}
--- !u!4 &945692437 stripped
Transform:
  m_PrefabParentObject: {fileID: 498380, guid: 27b4ffd8aa37c65458abf75d6eaaa10b, type: 2}
  m_PrefabInternal: {fileID: 1319850364}
--- !u!114 &945692438 stripped
MonoBehaviour:
  m_PrefabParentObject: {fileID: 11415936, guid: 27b4ffd8aa37c65458abf75d6eaaa10b,
    type: 2}
  m_PrefabInternal: {fileID: 1319850364}
  m_Script: {fileID: 11500000, guid: 4ccc297a163c84340858fdd8a347f48a, type: 3}
--- !u!1 &1038021633
GameObject:
  m_ObjectHideFlags: 0
  m_PrefabParentObject: {fileID: 184866, guid: cc8be7bca2423234092f646d5901e418, type: 2}
  m_PrefabInternal: {fileID: 0}
  serializedVersion: 4
  m_Component:
  - 4: {fileID: 1038021634}
  - 114: {fileID: 1038021635}
  m_Layer: 0
  m_Name: Parralax9
  m_TagString: Untagged
  m_Icon: {fileID: 0}
  m_NavMeshLayer: 0
  m_StaticEditorFlags: 0
  m_IsActive: 1
--- !u!4 &1038021634
Transform:
  m_ObjectHideFlags: 0
  m_PrefabParentObject: {fileID: 415494, guid: cc8be7bca2423234092f646d5901e418, type: 2}
  m_PrefabInternal: {fileID: 0}
  m_GameObject: {fileID: 1038021633}
  m_LocalRotation: {x: 0, y: 0, z: 0, w: 1}
  m_LocalPosition: {x: 0, y: 0, z: 5.49}
  m_LocalScale: {x: 1, y: 1, z: 1}
  m_Children: []
  m_Father: {fileID: 581617332}
  m_RootOrder: 8
--- !u!114 &1038021635
MonoBehaviour:
  m_ObjectHideFlags: 0
  m_PrefabParentObject: {fileID: 11430584, guid: cc8be7bca2423234092f646d5901e418,
    type: 2}
  m_PrefabInternal: {fileID: 0}
  m_GameObject: {fileID: 1038021633}
  m_Enabled: 1
  m_EditorHideFlags: 0
  m_Script: {fileID: 11500000, guid: 6d94e3501729f7f42b435b6f476f4928, type: 3}
  m_Name: 
  m_EditorClassIdentifier: 
  myTransform: {fileID: 0}
--- !u!1001 &1319850364
Prefab:
  m_ObjectHideFlags: 0
  serializedVersion: 2
  m_Modification:
    m_TransformParent: {fileID: 1422295888}
    m_Modifications:
    - target: {fileID: 498380, guid: 27b4ffd8aa37c65458abf75d6eaaa10b, type: 2}
      propertyPath: m_LocalPosition.x
      value: 0
      objectReference: {fileID: 0}
    - target: {fileID: 498380, guid: 27b4ffd8aa37c65458abf75d6eaaa10b, type: 2}
      propertyPath: m_LocalPosition.y
      value: 0
      objectReference: {fileID: 0}
    - target: {fileID: 498380, guid: 27b4ffd8aa37c65458abf75d6eaaa10b, type: 2}
      propertyPath: m_LocalPosition.z
      value: 0
      objectReference: {fileID: 0}
    - target: {fileID: 498380, guid: 27b4ffd8aa37c65458abf75d6eaaa10b, type: 2}
      propertyPath: m_LocalRotation.x
      value: 0
      objectReference: {fileID: 0}
    - target: {fileID: 498380, guid: 27b4ffd8aa37c65458abf75d6eaaa10b, type: 2}
      propertyPath: m_LocalRotation.y
      value: 0
      objectReference: {fileID: 0}
    - target: {fileID: 498380, guid: 27b4ffd8aa37c65458abf75d6eaaa10b, type: 2}
      propertyPath: m_LocalRotation.z
      value: 0
      objectReference: {fileID: 0}
    - target: {fileID: 498380, guid: 27b4ffd8aa37c65458abf75d6eaaa10b, type: 2}
      propertyPath: m_LocalRotation.w
      value: 1
      objectReference: {fileID: 0}
    - target: {fileID: 498380, guid: 27b4ffd8aa37c65458abf75d6eaaa10b, type: 2}
      propertyPath: m_RootOrder
      value: 1
      objectReference: {fileID: 0}
    - target: {fileID: 11479678, guid: 27b4ffd8aa37c65458abf75d6eaaa10b, type: 2}
      propertyPath: mainCamera
      value: 
      objectReference: {fileID: 816539860}
    - target: {fileID: 11479678, guid: 27b4ffd8aa37c65458abf75d6eaaa10b, type: 2}
      propertyPath: relativeTo
      value: 
      objectReference: {fileID: 2007111162}
    - target: {fileID: 184304, guid: 27b4ffd8aa37c65458abf75d6eaaa10b, type: 2}
      propertyPath: m_IsActive
      value: 1
      objectReference: {fileID: 0}
    - target: {fileID: 429428, guid: 27b4ffd8aa37c65458abf75d6eaaa10b, type: 2}
      propertyPath: m_LocalRotation.x
      value: -0.13230409
      objectReference: {fileID: 0}
    - target: {fileID: 429428, guid: 27b4ffd8aa37c65458abf75d6eaaa10b, type: 2}
      propertyPath: m_LocalRotation.y
      value: -0.69461906
      objectReference: {fileID: 0}
    - target: {fileID: 429428, guid: 27b4ffd8aa37c65458abf75d6eaaa10b, type: 2}
      propertyPath: m_LocalRotation.z
      value: 0.694619
      objectReference: {fileID: 0}
    - target: {fileID: 429428, guid: 27b4ffd8aa37c65458abf75d6eaaa10b, type: 2}
      propertyPath: m_LocalRotation.w
      value: 0.1323042
      objectReference: {fileID: 0}
    m_RemovedComponents: []
  m_ParentPrefab: {fileID: 100100000, guid: 27b4ffd8aa37c65458abf75d6eaaa10b, type: 2}
  m_IsPrefabParent: 0
--- !u!1 &1370045370
GameObject:
  m_ObjectHideFlags: 0
  m_PrefabParentObject: {fileID: 141132, guid: 27b4ffd8aa37c65458abf75d6eaaa10b, type: 2}
  m_PrefabInternal: {fileID: 0}
  serializedVersion: 4
  m_Component:
  - 4: {fileID: 1370045371}
  - 114: {fileID: 1370045372}
  m_Layer: 0
  m_Name: Parralax10
  m_TagString: Untagged
  m_Icon: {fileID: 0}
  m_NavMeshLayer: 0
  m_StaticEditorFlags: 0
  m_IsActive: 1
--- !u!4 &1370045371
Transform:
  m_ObjectHideFlags: 0
  m_PrefabParentObject: {fileID: 498018, guid: 27b4ffd8aa37c65458abf75d6eaaa10b, type: 2}
  m_PrefabInternal: {fileID: 0}
  m_GameObject: {fileID: 1370045370}
  m_LocalRotation: {x: 0, y: 0, z: 0, w: 1}
  m_LocalPosition: {x: 0, y: 0, z: 5.49}
  m_LocalScale: {x: 1, y: 1, z: 1}
  m_Children: []
  m_Father: {fileID: 710357825}
  m_RootOrder: 9
--- !u!114 &1370045372
MonoBehaviour:
  m_ObjectHideFlags: 0
  m_PrefabParentObject: {fileID: 11408678, guid: 27b4ffd8aa37c65458abf75d6eaaa10b,
    type: 2}
  m_PrefabInternal: {fileID: 0}
  m_GameObject: {fileID: 1370045370}
  m_Enabled: 1
  m_EditorHideFlags: 0
  m_Script: {fileID: 11500000, guid: 6d94e3501729f7f42b435b6f476f4928, type: 3}
  m_Name: 
  m_EditorClassIdentifier: 
  myTransform: {fileID: 0}
--- !u!1 &1422295887
GameObject:
  m_ObjectHideFlags: 0
  m_PrefabParentObject: {fileID: 0}
  m_PrefabInternal: {fileID: 0}
  serializedVersion: 4
  m_Component:
  - 4: {fileID: 1422295888}
  m_Layer: 0
  m_Name: Scene
  m_TagString: Untagged
  m_Icon: {fileID: 0}
  m_NavMeshLayer: 0
  m_StaticEditorFlags: 0
  m_IsActive: 0
--- !u!4 &1422295888
Transform:
  m_ObjectHideFlags: 0
  m_PrefabParentObject: {fileID: 0}
  m_PrefabInternal: {fileID: 0}
  m_GameObject: {fileID: 1422295887}
  m_LocalRotation: {x: 0, y: 0, z: 0, w: 1}
  m_LocalPosition: {x: 0.49851835, y: -3.5848107, z: -9.3828125}
  m_LocalScale: {x: 1, y: 1, z: 1}
  m_Children:
  - {fileID: 945692437}
  - {fileID: 581617331}
  m_Father: {fileID: 0}
  m_RootOrder: 3
--- !u!1 &1555771635
GameObject:
  m_ObjectHideFlags: 0
  m_PrefabParentObject: {fileID: 141132, guid: 27b4ffd8aa37c65458abf75d6eaaa10b, type: 2}
  m_PrefabInternal: {fileID: 0}
  serializedVersion: 4
  m_Component:
  - 4: {fileID: 1555771636}
  - 114: {fileID: 1555771637}
  m_Layer: 0
  m_Name: Parralax9
  m_TagString: Untagged
  m_Icon: {fileID: 0}
  m_NavMeshLayer: 0
  m_StaticEditorFlags: 0
  m_IsActive: 1
--- !u!4 &1555771636
Transform:
  m_ObjectHideFlags: 0
  m_PrefabParentObject: {fileID: 498018, guid: 27b4ffd8aa37c65458abf75d6eaaa10b, type: 2}
  m_PrefabInternal: {fileID: 0}
  m_GameObject: {fileID: 1555771635}
  m_LocalRotation: {x: 0, y: 0, z: 0, w: 1}
  m_LocalPosition: {x: 0, y: 0, z: 5.49}
  m_LocalScale: {x: 1, y: 1, z: 1}
  m_Children: []
  m_Father: {fileID: 710357825}
  m_RootOrder: 8
--- !u!114 &1555771637
MonoBehaviour:
  m_ObjectHideFlags: 0
  m_PrefabParentObject: {fileID: 11408678, guid: 27b4ffd8aa37c65458abf75d6eaaa10b,
    type: 2}
  m_PrefabInternal: {fileID: 0}
  m_GameObject: {fileID: 1555771635}
  m_Enabled: 1
  m_EditorHideFlags: 0
  m_Script: {fileID: 11500000, guid: 6d94e3501729f7f42b435b6f476f4928, type: 3}
  m_Name: 
  m_EditorClassIdentifier: 
  myTransform: {fileID: 0}
--- !u!1001 &1608435463
Prefab:
  m_ObjectHideFlags: 0
  serializedVersion: 2
  m_Modification:
    m_TransformParent: {fileID: 0}
    m_Modifications:
    - target: {fileID: 417138, guid: 2aad597ea80edab4e93e9726221e5f6b, type: 2}
      propertyPath: m_LocalPosition.x
      value: -83.00378
      objectReference: {fileID: 0}
    - target: {fileID: 417138, guid: 2aad597ea80edab4e93e9726221e5f6b, type: 2}
      propertyPath: m_LocalPosition.y
      value: 19.772968
      objectReference: {fileID: 0}
    - target: {fileID: 417138, guid: 2aad597ea80edab4e93e9726221e5f6b, type: 2}
      propertyPath: m_LocalPosition.z
      value: 9.3828125
      objectReference: {fileID: 0}
    - target: {fileID: 417138, guid: 2aad597ea80edab4e93e9726221e5f6b, type: 2}
      propertyPath: m_LocalRotation.x
      value: 0
      objectReference: {fileID: 0}
    - target: {fileID: 417138, guid: 2aad597ea80edab4e93e9726221e5f6b, type: 2}
      propertyPath: m_LocalRotation.y
      value: 0
      objectReference: {fileID: 0}
    - target: {fileID: 417138, guid: 2aad597ea80edab4e93e9726221e5f6b, type: 2}
      propertyPath: m_LocalRotation.z
      value: 0
      objectReference: {fileID: 0}
    - target: {fileID: 417138, guid: 2aad597ea80edab4e93e9726221e5f6b, type: 2}
      propertyPath: m_LocalRotation.w
      value: 1
      objectReference: {fileID: 0}
    - target: {fileID: 417138, guid: 2aad597ea80edab4e93e9726221e5f6b, type: 2}
      propertyPath: m_RootOrder
      value: 1
      objectReference: {fileID: 0}
    - target: {fileID: 408556, guid: 2aad597ea80edab4e93e9726221e5f6b, type: 2}
      propertyPath: m_LocalRotation.x
      value: -0.1323041
      objectReference: {fileID: 0}
    - target: {fileID: 408556, guid: 2aad597ea80edab4e93e9726221e5f6b, type: 2}
      propertyPath: m_LocalRotation.y
      value: -0.6946191
      objectReference: {fileID: 0}
    - target: {fileID: 408556, guid: 2aad597ea80edab4e93e9726221e5f6b, type: 2}
      propertyPath: m_LocalRotation.z
      value: 0.69461906
      objectReference: {fileID: 0}
    - target: {fileID: 408556, guid: 2aad597ea80edab4e93e9726221e5f6b, type: 2}
      propertyPath: m_LocalRotation.w
      value: 0.13230422
      objectReference: {fileID: 0}
    - target: {fileID: 6135574, guid: 2aad597ea80edab4e93e9726221e5f6b, type: 2}
      propertyPath: m_Enabled
      value: 1
      objectReference: {fileID: 0}
    - target: {fileID: 441358, guid: 2aad597ea80edab4e93e9726221e5f6b, type: 2}
      propertyPath: m_LocalScale.y
      value: 3.7625022
      objectReference: {fileID: 0}
    - target: {fileID: 441358, guid: 2aad597ea80edab4e93e9726221e5f6b, type: 2}
      propertyPath: m_LocalPosition.y
      value: 10.08
      objectReference: {fileID: 0}
    m_RemovedComponents: []
  m_ParentPrefab: {fileID: 100100000, guid: 2aad597ea80edab4e93e9726221e5f6b, type: 2}
  m_IsPrefabParent: 0
--- !u!114 &1608435464 stripped
MonoBehaviour:
  m_PrefabParentObject: {fileID: 11450952, guid: 2aad597ea80edab4e93e9726221e5f6b,
    type: 2}
  m_PrefabInternal: {fileID: 1608435463}
  m_Script: {fileID: 11500000, guid: 4ccc297a163c84340858fdd8a347f48a, type: 3}
--- !u!1 &1722201381
GameObject:
  m_ObjectHideFlags: 0
  m_PrefabParentObject: {fileID: 184866, guid: cc8be7bca2423234092f646d5901e418, type: 2}
  m_PrefabInternal: {fileID: 0}
  serializedVersion: 4
  m_Component:
  - 4: {fileID: 1722201382}
  - 114: {fileID: 1722201383}
  m_Layer: 0
  m_Name: Parralax8
  m_TagString: Untagged
  m_Icon: {fileID: 0}
  m_NavMeshLayer: 0
  m_StaticEditorFlags: 0
  m_IsActive: 1
--- !u!4 &1722201382
Transform:
  m_ObjectHideFlags: 0
  m_PrefabParentObject: {fileID: 415494, guid: cc8be7bca2423234092f646d5901e418, type: 2}
  m_PrefabInternal: {fileID: 0}
  m_GameObject: {fileID: 1722201381}
  m_LocalRotation: {x: 0, y: 0, z: 0, w: 1}
  m_LocalPosition: {x: 0, y: 0, z: 5.49}
  m_LocalScale: {x: 1, y: 1, z: 1}
  m_Children: []
  m_Father: {fileID: 581617332}
  m_RootOrder: 7
--- !u!114 &1722201383
MonoBehaviour:
  m_ObjectHideFlags: 0
  m_PrefabParentObject: {fileID: 11430584, guid: cc8be7bca2423234092f646d5901e418,
    type: 2}
  m_PrefabInternal: {fileID: 0}
  m_GameObject: {fileID: 1722201381}
  m_Enabled: 1
  m_EditorHideFlags: 0
  m_Script: {fileID: 11500000, guid: 6d94e3501729f7f42b435b6f476f4928, type: 3}
  m_Name: 
  m_EditorClassIdentifier: 
  myTransform: {fileID: 0}
--- !u!1 &1832459094
GameObject:
  m_ObjectHideFlags: 0
  m_PrefabParentObject: {fileID: 184866, guid: cc8be7bca2423234092f646d5901e418, type: 2}
  m_PrefabInternal: {fileID: 0}
  serializedVersion: 4
  m_Component:
  - 4: {fileID: 1832459095}
  - 114: {fileID: 1832459096}
  m_Layer: 0
  m_Name: Parralax10
  m_TagString: Untagged
  m_Icon: {fileID: 0}
  m_NavMeshLayer: 0
  m_StaticEditorFlags: 0
  m_IsActive: 1
--- !u!4 &1832459095
Transform:
  m_ObjectHideFlags: 0
  m_PrefabParentObject: {fileID: 415494, guid: cc8be7bca2423234092f646d5901e418, type: 2}
  m_PrefabInternal: {fileID: 0}
  m_GameObject: {fileID: 1832459094}
  m_LocalRotation: {x: 0, y: 0, z: 0, w: 1}
  m_LocalPosition: {x: 0, y: 0, z: 5.49}
  m_LocalScale: {x: 1, y: 1, z: 1}
  m_Children: []
  m_Father: {fileID: 581617332}
  m_RootOrder: 9
--- !u!114 &1832459096
MonoBehaviour:
  m_ObjectHideFlags: 0
  m_PrefabParentObject: {fileID: 11430584, guid: cc8be7bca2423234092f646d5901e418,
    type: 2}
  m_PrefabInternal: {fileID: 0}
  m_GameObject: {fileID: 1832459094}
  m_Enabled: 1
  m_EditorHideFlags: 0
  m_Script: {fileID: 11500000, guid: 6d94e3501729f7f42b435b6f476f4928, type: 3}
  m_Name: 
  m_EditorClassIdentifier: 
  myTransform: {fileID: 0}
--- !u!1 &1849709446
GameObject:
  m_ObjectHideFlags: 0
  m_PrefabParentObject: {fileID: 141132, guid: 27b4ffd8aa37c65458abf75d6eaaa10b, type: 2}
  m_PrefabInternal: {fileID: 0}
  serializedVersion: 4
  m_Component:
  - 4: {fileID: 1849709447}
  - 114: {fileID: 1849709448}
  m_Layer: 0
  m_Name: Parralax6
  m_TagString: Untagged
  m_Icon: {fileID: 0}
  m_NavMeshLayer: 0
  m_StaticEditorFlags: 0
  m_IsActive: 1
--- !u!4 &1849709447
Transform:
  m_ObjectHideFlags: 0
  m_PrefabParentObject: {fileID: 498018, guid: 27b4ffd8aa37c65458abf75d6eaaa10b, type: 2}
  m_PrefabInternal: {fileID: 0}
  m_GameObject: {fileID: 1849709446}
  m_LocalRotation: {x: 0, y: 0, z: 0, w: 1}
  m_LocalPosition: {x: 0, y: 0, z: 5.49}
  m_LocalScale: {x: 1, y: 1, z: 1}
  m_Children: []
  m_Father: {fileID: 710357825}
  m_RootOrder: 5
--- !u!114 &1849709448
MonoBehaviour:
  m_ObjectHideFlags: 0
  m_PrefabParentObject: {fileID: 11408678, guid: 27b4ffd8aa37c65458abf75d6eaaa10b,
    type: 2}
  m_PrefabInternal: {fileID: 0}
  m_GameObject: {fileID: 1849709446}
  m_Enabled: 1
  m_EditorHideFlags: 0
  m_Script: {fileID: 11500000, guid: 6d94e3501729f7f42b435b6f476f4928, type: 3}
  m_Name: 
  m_EditorClassIdentifier: 
  myTransform: {fileID: 0}
--- !u!1 &1982644754
GameObject:
  m_ObjectHideFlags: 0
  m_PrefabParentObject: {fileID: 141132, guid: 27b4ffd8aa37c65458abf75d6eaaa10b, type: 2}
  m_PrefabInternal: {fileID: 0}
  serializedVersion: 4
  m_Component:
  - 4: {fileID: 1982644755}
  - 114: {fileID: 1982644756}
  m_Layer: 0
  m_Name: Parralax7
  m_TagString: Untagged
  m_Icon: {fileID: 0}
  m_NavMeshLayer: 0
  m_StaticEditorFlags: 0
  m_IsActive: 1
--- !u!4 &1982644755
Transform:
  m_ObjectHideFlags: 0
  m_PrefabParentObject: {fileID: 498018, guid: 27b4ffd8aa37c65458abf75d6eaaa10b, type: 2}
  m_PrefabInternal: {fileID: 0}
  m_GameObject: {fileID: 1982644754}
  m_LocalRotation: {x: 0, y: 0, z: 0, w: 1}
  m_LocalPosition: {x: 0, y: 0, z: 5.49}
  m_LocalScale: {x: 1, y: 1, z: 1}
  m_Children: []
  m_Father: {fileID: 710357825}
  m_RootOrder: 6
--- !u!114 &1982644756
MonoBehaviour:
  m_ObjectHideFlags: 0
  m_PrefabParentObject: {fileID: 11408678, guid: 27b4ffd8aa37c65458abf75d6eaaa10b,
    type: 2}
  m_PrefabInternal: {fileID: 0}
  m_GameObject: {fileID: 1982644754}
  m_Enabled: 1
  m_EditorHideFlags: 0
  m_Script: {fileID: 11500000, guid: 6d94e3501729f7f42b435b6f476f4928, type: 3}
  m_Name: 
  m_EditorClassIdentifier: 
  myTransform: {fileID: 0}
--- !u!4 &2007111162 stripped
Transform:
  m_PrefabParentObject: {fileID: 459964, guid: 27b4ffd8aa37c65458abf75d6eaaa10b, type: 2}
  m_PrefabInternal: {fileID: 1319850364}
